%YAML 1.1
%TAG !u! tag:unity3d.com,2011:
--- !u!1001 &100100000
Prefab:
  m_ObjectHideFlags: 1
  serializedVersion: 2
  m_Modification:
    m_TransformParent: {fileID: 0}
    m_Modifications: []
    m_RemovedComponents: []
  m_SourcePrefab: {fileID: 0}
  m_RootGameObject: {fileID: 1322714702534720}
  m_IsPrefabAsset: 1
--- !u!1 &1322714702534720
GameObject:
  m_ObjectHideFlags: 0
  m_CorrespondingSourceObject: {fileID: 0}
  m_PrefabInternal: {fileID: 100100000}
  serializedVersion: 6
  m_Component:
  - component: {fileID: 4107663082519044}
  - component: {fileID: 114184912070354794}
  - component: {fileID: 114041735620353360}
  - component: {fileID: 114003572718466732}
  - component: {fileID: 114100506872435948}
  - component: {fileID: 114288578399584200}
  - component: {fileID: 114334019035563770}
  - component: {fileID: 114324041117169754}
  - component: {fileID: 114460673558221076}
  m_Layer: 0
  m_Name: RotatingCube
  m_TagString: Untagged
  m_Icon: {fileID: 0}
  m_NavMeshLayer: 0
  m_StaticEditorFlags: 0
  m_IsActive: 1
--- !u!4 &4107663082519044
Transform:
  m_ObjectHideFlags: 1
  m_CorrespondingSourceObject: {fileID: 0}
  m_PrefabInternal: {fileID: 100100000}
  m_GameObject: {fileID: 1322714702534720}
  m_LocalRotation: {x: 0, y: 0, z: 0, w: 1}
  m_LocalPosition: {x: 0, y: 0, z: 0}
  m_LocalScale: {x: 1, y: 1, z: 1}
  m_Children: []
  m_Father: {fileID: 0}
  m_RootOrder: 0
  m_LocalEulerAnglesHint: {x: 0, y: 0, z: 0}
--- !u!114 &114003572718466732
MonoBehaviour:
  m_ObjectHideFlags: 1
  m_CorrespondingSourceObject: {fileID: 0}
  m_PrefabInternal: {fileID: 100100000}
  m_GameObject: {fileID: 1322714702534720}
  m_Enabled: 1
  m_EditorHideFlags: 0
  m_Script: {fileID: 11500000, guid: 2327f3002fc94f2b91d287c740439550, type: 3}
  m_Name: 
  m_EditorClassIdentifier: 
--- !u!114 &114041735620353360
MonoBehaviour:
  m_ObjectHideFlags: 1
  m_CorrespondingSourceObject: {fileID: 0}
  m_PrefabInternal: {fileID: 100100000}
  m_GameObject: {fileID: 1322714702534720}
  m_Enabled: 1
  m_EditorHideFlags: 0
  m_Script: {fileID: 11500000, guid: 168b0e3756704251859c57ee75912ca1, type: 3}
  m_Name: 
  m_EditorClassIdentifier: 
  m_SerializedData:
    Value:
      x: 0
      y: 0
      z: 0
--- !u!114 &114100506872435948
MonoBehaviour:
  m_ObjectHideFlags: 1
  m_CorrespondingSourceObject: {fileID: 0}
  m_PrefabInternal: {fileID: 100100000}
  m_GameObject: {fileID: 1322714702534720}
  m_Enabled: 1
  m_EditorHideFlags: 0
  m_Script: {fileID: 11500000, guid: 2caacf465eeae43f39a6a13e442d1dc0, type: 3}
  m_Name: 
  m_EditorClassIdentifier: 
--- !u!114 &114184912070354794
MonoBehaviour:
  m_ObjectHideFlags: 1
  m_CorrespondingSourceObject: {fileID: 0}
  m_PrefabInternal: {fileID: 100100000}
  m_GameObject: {fileID: 1322714702534720}
  m_Enabled: 1
  m_EditorHideFlags: 0
  m_Script: {fileID: 11500000, guid: 5bf10cdea1344482e91a4f2b58506b77, type: 3}
  m_Name: 
  m_EditorClassIdentifier: 
--- !u!114 &114288578399584200
MonoBehaviour:
  m_ObjectHideFlags: 1
  m_CorrespondingSourceObject: {fileID: 0}
  m_PrefabInternal: {fileID: 100100000}
  m_GameObject: {fileID: 1322714702534720}
  m_Enabled: 1
  m_EditorHideFlags: 0
  m_Script: {fileID: 11500000, guid: e13a4d4e64324cc4b24fbea71211b5e0, type: 3}
  m_Name: 
  m_EditorClassIdentifier: 
  m_SerializedData:
    Value:
      x: 0
      y: 0
      z: 0
--- !u!114 &114324041117169754
MonoBehaviour:
  m_ObjectHideFlags: 1
  m_CorrespondingSourceObject: {fileID: 0}
  m_PrefabInternal: {fileID: 100100000}
  m_GameObject: {fileID: 1322714702534720}
  m_Enabled: 1
  m_EditorHideFlags: 0
  m_Script: {fileID: 11500000, guid: 546dde2eac3d98f43a559ef7219696e7, type: 3}
  m_Name: 
  m_EditorClassIdentifier: 
  m_SerializedData:
    Value: 0
--- !u!114 &114334019035563770
MonoBehaviour:
  m_ObjectHideFlags: 1
  m_CorrespondingSourceObject: {fileID: 0}
  m_PrefabInternal: {fileID: 100100000}
  m_GameObject: {fileID: 1322714702534720}
  m_Enabled: 1
  m_EditorHideFlags: 0
  m_Script: {fileID: 11500000, guid: 9b0fd4427893a4a16ba0c267dfd00217, type: 3}
  m_Name: 
  m_EditorClassIdentifier: 
  m_SerializedData:
    mesh: {fileID: 10202, guid: 0000000000000000e000000000000000, type: 0}
    material: {fileID: 2100000, guid: f71981cb57bf74143af585ab7b409505, type: 2}
    subMesh: 0
    castShadows: 0
    receiveShadows: 0
--- !u!114 &114460673558221076
MonoBehaviour:
  m_ObjectHideFlags: 1
  m_CorrespondingSourceObject: {fileID: 0}
  m_PrefabInternal: {fileID: 100100000}
  m_GameObject: {fileID: 1322714702534720}
  m_Enabled: 1
  m_EditorHideFlags: 0
  m_Script: {fileID: 11500000, guid: 0f0125f872009fb4ebc6a1e9ba4bc48e, type: 3}
  m_Name: 
  m_EditorClassIdentifier: 
  m_SerializedData:
    speed: -1
